<record><leader>00000cas a2200000I  4500</leader><controlfield tag="001">19078926</controlfield><controlfield tag="008">890128d19361947ilumr ne      0   a0eng d</controlfield><datafield ind1=" " ind2=" " tag="010"><subfield code="a">sn 95061715 </subfield></datafield><datafield ind1=" " ind2=" " tag="040"><subfield code="a">EEM</subfield><subfield code="b">eng</subfield><subfield code="c">EEM</subfield><subfield code="d">CNK</subfield><subfield code="d">OCL</subfield><subfield code="d">OCLCQ</subfield><subfield code="d">CUV</subfield><subfield code="d">OCLCQ</subfield><subfield code="d">OCLCF</subfield></datafield><datafield ind1=" " ind2=" " tag="019"><subfield code="a">682903101</subfield></datafield><datafield ind1=" " ind2=" " tag="043"><subfield code="a">n-us---</subfield></datafield><datafield ind1=" " ind2="4" tag="050"><subfield code="a">HX1</subfield><subfield code="b">.F5</subfield></datafield><datafield ind1="0" ind2="4" tag="245"><subfield code="a">The fighting worker.</subfield></datafield><datafield ind1=" " ind2=" " tag="260"><subfield code="a">Chicago [etc.],</subfield><subfield code="b">Fighting Worker Pub. Co.,</subfield><subfield code="c">1936-1947.</subfield></datafield><datafield ind1=" " ind2=" " tag="300"><subfield code="a">12 v.</subfield><subfield code="b">ill. (incl. ports.)</subfield><subfield code="c">49 cm.</subfield></datafield><datafield ind1=" " ind2=" " tag="310"><subfield code="a">Monthly,</subfield><subfield code="b">Mar. 1, 1938-</subfield></datafield><datafield ind1=" " ind2=" " tag="321"><subfield code="a">Irregular,</subfield><subfield code="b">1936-Aug. 1, 1937</subfield></datafield><datafield ind1="0" ind2=" " tag="362"><subfield code="a">v. 1-12, no. 11; 1936-1947.</subfield></datafield><datafield ind1=" " ind2=" " tag="500"><subfield code="a">Title from caption.</subfield></datafield><datafield ind1=" " ind2=" " tag="500"><subfield code="a">Organ of the Revolutionary Workers League of the United States.</subfield></datafield><datafield ind1=" " ind2=" " tag="515"><subfield code="a">Publication suspended from Sept. 1937 to Feb. 1938, inclusive.</subfield></datafield><datafield ind1=" " ind2=" " tag="515"><subfield code="a">An introductory number was issued Nov. 30, 1935, called v.1, no.0.</subfield></datafield><datafield ind1=" " ind2=" " tag="515"><subfield code="a">Has volume and whole numbering.</subfield></datafield><datafield ind1=" " ind2="0" tag="650"><subfield code="a">Communism</subfield><subfield code="v">Newspapers.</subfield></datafield><datafield ind1=" " ind2="0" tag="650"><subfield code="a">Communism</subfield><subfield code="z">United States</subfield><subfield code="v">Newspapers.</subfield></datafield><datafield ind1=" " ind2="7" tag="655"><subfield code="a">Newspapers.</subfield><subfield code="2">fast</subfield><subfield code="0">(OCoLC)fst01423814</subfield></datafield><datafield ind1=" " ind2="7" tag="650"><subfield code="a">Communism.</subfield><subfield code="2">fast</subfield><subfield code="0">(OCoLC)fst00870421</subfield></datafield><datafield ind1=" " ind2="7" tag="651"><subfield code="a">United States.</subfield><subfield code="2">fast</subfield><subfield code="0">(OCoLC)fst01204155</subfield></datafield><datafield ind1="2" ind2=" " tag="710"><subfield code="a">Revolutionary Workers League of the U.S.</subfield></datafield><datafield ind1=" " ind2=" " tag="752"><subfield code="a">United States</subfield><subfield code="b">Illinois</subfield><subfield code="c">Cook</subfield><subfield code="d">Chicago.</subfield></datafield></record>